@article{Shao2014,
title = "Integrating requirement analysis and multi-objective optimization for office building energy retrofit strategies ",
journal = "Energy and Buildings ",
volume = "",
number = "0",
pages = " - ",
year = "2014",
note = "",
issn = "0378-7788",
doi = "http://dx.doi.org/10.1016/j.enbuild.2014.07.030",
url = "http://www.sciencedirect.com/science/article/pii/S0378778814005684",
author = "Yunming Shao and Philipp Geyer and Werner Lang",
keywords = "Quality function deployment",
keywords = "Energy retrofit",
keywords = "Office buildings",
keywords = "Interactive multi-objective optimization",
keywords = "Decision support "
}
@article{Kaklauskas2005361,
title = "Multivariant design and multiple criteria analysis of building refurbishments ",
journal = "Energy and Buildings ",
volume = "37",
number = "4",
pages = "361 - 372",
year = "2005",
note = "",
issn = "0378-7788",
doi = "http://dx.doi.org/10.1016/j.enbuild.2004.07.005",
url = "http://www.sciencedirect.com/science/article/pii/S0378778804002385",
author = "Arturas Kaklauskas and Edmundas Kazimieras Zavadskas and Saulius Raslanas",
keywords = "Building refurbishment",
keywords = "New method",
keywords = "Multiple criteria analysis "
}
@article{Chidiac20115037,
title = "Effectiveness of single and multiple energy retrofit measures on the energy consumption of office buildings ",
journal = "Energy ",
volume = "36",
number = "8",
pages = "5037 - 5052",
year = "2011",
note = "\{PRES\} 2010 ",
issn = "0360-5442",
doi = "http://dx.doi.org/10.1016/j.energy.2011.05.050",
url = "http://www.sciencedirect.com/science/article/pii/S0360544211003756",
author = "S.E. Chidiac and E.J.C. Catania and E. Morofsky and S. Foo",
keywords = "Energy consumption",
keywords = "EnergyPlus",
keywords = "Energy retrofit measure",
keywords = "Measure set",
keywords = "Office building "
}
@article{Chidiac2011614,
title = "A screening methodology for implementing cost effective energy retrofit measures in Canadian office buildings ",
journal = "Energy and Buildings ",
volume = "43",
number = "2–3",
pages = "614 - 620",
year = "2011",
note = "",
issn = "0378-7788",
doi = "http://dx.doi.org/10.1016/j.enbuild.2010.11.002",
url = "http://www.sciencedirect.com/science/article/pii/S0378778810003993",
author = "S.E. Chidiac and E.J.C. Catania and E. Morofsky and S. Foo",
keywords = "Energy",
keywords = "Modelling",
keywords = "Office buildings",
keywords = "Retrofit",
keywords = "Screening "
}
@article{Hamdy2013189,
title = "A multi-stage optimization method for cost-optimal and nearly-zero-energy building solutions in line with the EPBD-recast 2010 ",
journal = "Energy and Buildings ",
volume = "56",
number = "0",
pages = "189 - 203",
year = "2013",
note = "",
issn = "0378-7788",
doi = "http://dx.doi.org/10.1016/j.enbuild.2012.08.023",
url = "http://www.sciencedirect.com/science/article/pii/S0378778812004276",
author = "Mohamed Hamdy and Ala Hasan and Kai Siren",
keywords = "\{EPBD\} 2010",
keywords = "Cost optimality",
keywords = "Genetic algorithm",
keywords = "Life-cycle cost",
keywords = "Primary energy "
}
@article{Ma2012889,
title = "Existing building retrofits: Methodology and state-of-the-art ",
journal = "Energy and Buildings ",
volume = "55",
number = "0",
pages = "889 - 902",
year = "2012",
note = "Cool Roofs, Cool Pavements, Cool Cities, and Cool World ",
issn = "0378-7788",
doi = "http://dx.doi.org/10.1016/j.enbuild.2012.08.018",
url = "http://www.sciencedirect.com/science/article/pii/S0378778812004227",
author = "Zhenjun Ma and Paul Cooper and Daniel Daly and Laia Ledo",
keywords = "Existing buildings",
keywords = "Systematic approach",
keywords = "Retrofit activities",
keywords = "Energy efficiency",
keywords = "State-of-the-art "
}
@article{Kumbaroğlu2012327,
title = "Evaluation of economically optimal retrofit investment options for energy savings in buildings ",
journal = "Energy and Buildings ",
volume = "49",
number = "0",
pages = "327 - 334",
year = "2012",
note = "",
issn = "0378-7788",
doi = "http://dx.doi.org/10.1016/j.enbuild.2012.02.022",
url = "http://www.sciencedirect.com/science/article/pii/S0378778812000990",
author = "Gürkan Kumbaroğlu and Reinhard Madlener",
keywords = "Building energy efficiency",
keywords = "Energy conservation",
keywords = "Net present value",
keywords = "Real options "
}
@article{Hillebrand2014516,
title = "Development and design of a retrofit matrix for office buildings ",
journal = "Energy and Buildings ",
volume = "70",
number = "0",
pages = "516 - 522",
year = "2014",
note = "",
issn = "0378-7788",
doi = "http://dx.doi.org/10.1016/j.enbuild.2013.10.029",
url = "http://www.sciencedirect.com/science/article/pii/S0378778813006750",
author = "G. Hillebrand and G. Arends and R. Streblow and R. Madlener and D. Müller",
keywords = "Energy efficiency",
keywords = "Building refurbishment",
keywords = "Economic evaluation",
keywords = "Simplified data acquisition",
keywords = "Dynamic thermal model "
}
@article{Verbruggen2011905,
title = "The anatomy of investing in energy efficient buildings ",
journal = "Energy and Buildings ",
volume = "43",
number = "4",
pages = "905 - 914",
year = "2011",
note = "",
issn = "0378-7788",
doi = "http://dx.doi.org/10.1016/j.enbuild.2010.12.011",
url = "http://www.sciencedirect.com/science/article/pii/S0378778810004317",
author = "Aviel Verbruggen and Mohamed Al Marchohi and Bart Janssens",
keywords = "Passive housing",
keywords = "Real options",
keywords = "Irrevocability",
keywords = "Preclusion",
keywords = "Energy performance endowment",
keywords = "Net present value",
keywords = "\{EU\} buildings directive "
}
@article{Papadopoulos2002455,
title = "Feasibility of energy saving renovation measures in urban buildings: The impact of energy prices and the acceptable pay back time criterion ",
journal = "Energy and Buildings ",
volume = "34",
number = "5",
pages = "455 - 466",
year = "2002",
note = "",
issn = "0378-7788",
doi = "http://dx.doi.org/10.1016/S0378-7788(01)00129-3",
url = "http://www.sciencedirect.com/science/article/pii/S0378778801001293",
author = "Agis M. Papadopoulos and Theodoros G. Theodosiou and Kostas D. Karatzas",
keywords = "Urban buildings",
keywords = "Energy renovation",
keywords = "Insulation",
keywords = "Heating system",
keywords = "Feasibility and economic criteria "
}
@article{Chuah201388,
title = "ROBESim: A retrofit-oriented building energy simulator based on EnergyPlus ",
journal = "Energy and Buildings ",
volume = "66",
number = "0",
pages = "88 - 103",
year = "2013",
note = "",
issn = "0378-7788",
doi = "http://dx.doi.org/10.1016/j.enbuild.2013.07.020",
url = "http://www.sciencedirect.com/science/article/pii/S0378778813004088",
author = "Jun Wei Chuah and Anand Raghunathan and Niraj K. Jha",
keywords = "Energy conservation",
keywords = "Green buildings",
keywords = "Building energy simulation",
keywords = "EnergyPlus",
keywords = "\{ROBESim\} "
}
@article{Siddharth20112718,
title = "Automatic generation of energy conservation measures in buildings using genetic algorithms ",
journal = "Energy and Buildings ",
volume = "43",
number = "10",
pages = "2718 - 2726",
year = "2011",
note = "",
issn = "0378-7788",
doi = "http://dx.doi.org/10.1016/j.enbuild.2011.06.028",
url = "http://www.sciencedirect.com/science/article/pii/S0378778811002775",
author = "V. Siddharth and P.V. Ramakrishna and T. Geetha and Anand Sivasubramaniam",
keywords = "Building energy simulation",
keywords = "Energy conservation measures",
keywords = "Genetic algorithms",
keywords = "\{HVAC\}",
keywords = "Energy auditing "
}
@article{Rysanek2013324,
title = "Optimum building energy retrofits under technical and economic uncertainty ",
journal = "Energy and Buildings ",
volume = "57",
number = "0",
pages = "324 - 337",
year = "2013",
note = "",
issn = "0378-7788",
doi = "http://dx.doi.org/10.1016/j.enbuild.2012.10.027",
url = "http://www.sciencedirect.com/science/article/pii/S0378778812005361",
author = "A.M. Rysanek and R. Choudhary",
keywords = "Building retrofits",
keywords = "Whole-building simulation",
keywords = "Robust decision-making",
keywords = "Economic optimisation",
keywords = "Uncertainty "
}
@article{Asadi2014444,
title = "Multi-objective optimization for building retrofit: A model using genetic algorithm and artificial neural network and an application ",
journal = "Energy and Buildings ",
volume = "81",
number = "0",
pages = "444 - 456",
year = "2014",
note = "",
issn = "0378-7788",
doi = "http://dx.doi.org/10.1016/j.enbuild.2014.06.009",
url = "http://www.sciencedirect.com/science/article/pii/S0378778814004915",
author = "Ehsan Asadi and Manuel Gameiro da Silva and Carlos Henggeler Antunes and Luís Dias and Leon Glicksman",
keywords = "Building retrofit",
keywords = "Multi-objective optimization",
keywords = "Genetic algorithm",
keywords = "Artificial neural network",
keywords = "Energy efficiency",
keywords = "Thermal comfort "
}
@article{Asadi201281,
title = "Multi-objective optimization for building retrofit strategies: A model and an application ",
journal = "Energy and Buildings ",
volume = "44",
number = "0",
pages = "81 - 87",
year = "2012",
note = "",
issn = "0378-7788",
doi = "http://dx.doi.org/10.1016/j.enbuild.2011.10.016",
url = "http://www.sciencedirect.com/science/article/pii/S0378778811004609",
author = "Ehsan Asadi and Manuel Gameiro da Silva and Carlos Henggeler Antunes and Luís Dias",
keywords = "Building retrofit",
keywords = "Multi-objective optimization",
keywords = "Energy saving "
}
@article{Menassa20113576,
title = "Evaluating sustainable retrofits in existing buildings under uncertainty ",
journal = "Energy and Buildings ",
volume = "43",
number = "12",
pages = "3576 - 3583",
year = "2011",
note = "",
issn = "0378-7788",
doi = "http://dx.doi.org/10.1016/j.enbuild.2011.09.030",
url = "http://www.sciencedirect.com/science/article/pii/S0378778811004324",
author = "Carol C. Menassa",
keywords = "Existing buildings",
keywords = "Sustainable retrofits",
keywords = "Investment analysis",
keywords = "Uncertainty",
keywords = "Option analysis "
}
@article{Heo2012550,
title = "Calibration of building energy models for retrofit analysis under uncertainty ",
journal = "Energy and Buildings ",
volume = "47",
number = "0",
pages = "550 - 560",
year = "2012",
note = "",
issn = "0378-7788",
doi = "http://dx.doi.org/10.1016/j.enbuild.2011.12.029",
url = "http://www.sciencedirect.com/science/article/pii/S037877881100644X",
author = "Y. Heo and R. Choudhary and G.A. Augenbroe",
keywords = "Retrofit analysis",
keywords = "Normative energy models",
keywords = "Bayesian calibration",
keywords = "Uncertainty analysis "
}
@article{Machairas2014101,
title = "Algorithms for optimization of building design: A review ",
journal = "Renewable and Sustainable Energy Reviews ",
volume = "31",
number = "0",
pages = "101 - 112",
year = "2014",
note = "",
issn = "1364-0321",
doi = "http://dx.doi.org/10.1016/j.rser.2013.11.036",
url = "http://www.sciencedirect.com/science/article/pii/S1364032113007855",
author = "Vasileios Machairas and Aris Tsangrassoulis and Kleo Axarli",
keywords = "Building",
keywords = "Design",
keywords = "Algorithms",
keywords = "Optimization",
keywords = "Review "
}